
@article{yang2021,
	title = {The Impact of Challenge and Hindrance Stressors on Thriving at Work Double Mediation Based on Affect and Motivation},
	author = {Yang, Yi and Li, Xiang},
	year = {2021},
	month = {01},
	date = {2021-01-28},
	journal = {Frontiers in Psychology},
	volume = {12},
	doi = {10.3389/fpsyg.2021.613871},
	url = {http://dx.doi.org/10.3389/fpsyg.2021.613871}
}
